<?xml version="1.0" encoding="UTF-8"?><record xmlns="http://www.loc.gov/MARC21/slim" xmlns:cinclude="http://apache.org/cocoon/include/1.0" xmlns:zs="http://www.loc.gov/zing/srw/">
  <leader>00502nz  a2200133n  4500</leader>
  <controlfield tag="001">n 2004040924</controlfield>
  <controlfield tag="003">DLC</controlfield>
  <controlfield tag="005">20040701085520.0</controlfield>
  <controlfield tag="008">040701n| acannaabn          |a aaa      </controlfield>
  <datafield tag="010" ind1=" " ind2=" ">
    <subfield code="a">n 2004040924</subfield>
  </datafield>
  <datafield tag="040" ind1=" " ind2=" ">
    <subfield code="a">DLC</subfield>
    <subfield code="b">eng</subfield>
    <subfield code="c">DLC</subfield>
  </datafield>
  <datafield tag="100" ind1="1" ind2=" ">
    <subfield code="a">Danilevskiĭ, N. I︠A︡.</subfield>
    <subfield code="q">(Nikolaĭ I︠A︡kovlevich),</subfield>
    <subfield code="d">1822-1885.</subfield>
    <subfield code="t">Rossii︠a︡ i Evropa.</subfield>
    <subfield code="l">Serbian</subfield>
  </datafield>
  <datafield tag="400" ind1="1" ind2=" ">
    <subfield code="a">Danilevskiĭ, N. I︠A︡.</subfield>
    <subfield code="q">(Nikolaĭ I︠A︡kovlevich),</subfield>
    <subfield code="d">1822-1885.</subfield>
    <subfield code="t">Rusija i Evropa</subfield>
  </datafield>
  <datafield tag="670" ind1=" " ind2=" ">
    <subfield code="a">Danilevskiĭ, N. I︠A︡. Rusija i Evropa, 1994.</subfield>
  </datafield>
</record>